% This file was created with JabRef 2.10.
% Encoding: UTF-8


@Article{Chen2016,
  Title                    = {\textit{Ab initio} Electronic Structure of Liquid Water},
  Author                   = {Chen, Wei and Ambrosio, Francesco and Miceli, Giacomo and Pasquarello, Alfredo},
  Journal                  = {Physical Review Letters},
  Year                     = {2016},

  Month                    = {Oct},
  Pages                    = {186401},
  Volume                   = {117},

  Doi                      = {10.1103/PhysRevLett.117.186401},
  Issue                    = {18},
  Numpages                 = {6},
  Publisher                = {American Physical Society},
  Url                      = {http://link.aps.org/doi/10.1103/PhysRevLett.117.186401}
}

@Article{EPFL-ARTICLE-214797,
  Title                    = {Multistacked {Al}$_2${O}$_3$-{H}f{O}$_2$-{S}i{O}$_2$ tunnel layer
 for high-density nonvolatile memory application},
  Author                   = {Chen, Wei and Liu, Wen-Jun and Zhang, Min and Ding,
 Shi-Jin and Zhang, David Wei and Li, Ming-Fu},
  Journal                  = {Applied {P}hysics {L}etters},
  Year                     = {2007},
  Number                   = {2},
  Pages                    = {022908},
  Volume                   = {91},

  Affiliation              = {OTHER},
  Details                  = {http://infoscience.epfl.ch/record/214797},
  Doi                      = {10.1063/1.2756849},
  ISSN                     = {0003-6951},
  Oai-id                   = {oai:infoscience.epfl.ch:214797},
  Oai-set                  = {article},
  Publisher                = {American Institute of Physics},
  Review                   = {REVIEWED},
  Status                   = {PUBLISHED},
  Submitter                = {209412}
}

@Article{EPFL-ARTICLE-214807,
  Title                    = {Density functional theory study of adsorption and
 dissociation of {H}f{C}l$_4$ and {H}$_2${O} on
 {G}e/{S}i(100)-(2{$\times$}1): {I}nitial stage of atomic layer
 deposition of {H}f{O}$_2$ on {S}i{G}e surface},
  Author                   = {Chen, Wei and Lu, Hong-Liang and Zhang, David Wei and
 Xu, Min and Ren, Jie and Zhang, Jian-Yun and Wang, Ji-Tao
 and Wang, Li-Kang},
  Journal                  = {Applied {P}hysics {L}etters},
  Year                     = {2005},
  Number                   = {14},
  Pages                    = {142901},
  Volume                   = {86},

  Affiliation              = {OTHER},
  Details                  = {http://infoscience.epfl.ch/record/214807},
  Doi                      = {10.1063/1.1899253},
  ISSN                     = {0003-6951},
  Oai-id                   = {oai:infoscience.epfl.ch:214807},
  Oai-set                  = {article},
  Publisher                = {American Institute of Physics},
  Review                   = {REVIEWED},
  Status                   = {PUBLISHED},
  Submitter                = {209412}
}

@Article{EPFL-ARTICLE-212168,
  Title                    = {Accurate band gaps of extended systems via efficient
 vertex corrections in {GW}},
  Author                   = {Chen, Wei and Pasquarello, Alfredo},
  Journal                  = {Physical {R}eview {B} ({R}apid {C}omm.)},
  Year                     = {2015},
  Number                   = {4},
  Pages                    = {041115(R)},
  Volume                   = {92},

  Address                  = {College Pk},
  Affiliation              = {EPFL},
  Details                  = {http://infoscience.epfl.ch/record/212168},
  Doi                      = {10.1103/PhysRevB.92.041115},
  Extra-id                 = {000358602200001},
  ISSN                     = {1098-0121},
  Oai-id                   = {oai:infoscience.epfl.ch:212168},
  Oai-set                  = {article},
  Pagecount                = {5},
  Publisher                = {American Physical Society},
  Review                   = {REVIEWED},
  Status                   = {PUBLISHED},
  Submitter                = {109250},
  Unit                     = {CSEA}
}

@Article{EPFL-REVIEW-208206,
  Title                    = {First-principles determination of defect energy levels
 through hybrid density functionals and {GW}},
  Author                   = {Chen, Wei and Pasquarello, Alfredo},
  Journal                  = {Journal of Physics: Condensed Matter (Invited Review)},
  Year                     = {2015},
  Number                   = {13},
  Pages                    = {133202},
  Volume                   = {27},

  Address                  = {Bristol},
  Affiliation              = {EPFL},
  Details                  = {http://infoscience.epfl.ch/record/208206},
  Doi                      = {10.1088/0953-8984/27/13/133202},
  Extra-id                 = {000351295600004},
  ISSN                     = {0953-8984},
  Keywords                 = {defects; electronic structure; GW; hybrid density functionals; DFT},
  Oai-id                   = {oai:infoscience.epfl.ch:208206},
  Oai-set                  = {article},
  Pagecount                = {15},
  Publisher                = {Institute of Physics},
  Review                   = {REVIEWED},
  Status                   = {PUBLISHED},
  Submitter                = {109250},
  Unit                     = {CSEA}
}

@Article{EPFL-ARTICLE-204125,
  Title                    = {Band-edge positions in {GW}: {E}ffects of starting point
 and self-consistency},
  Author                   = {Chen, Wei and Pasquarello, Alfredo},
  Journal                  = {Physical {R}eview {B}},
  Year                     = {2014},
  Number                   = {16},
  Pages                    = {165133},
  Volume                   = {90},

  Address                  = {College Pk},
  Affiliation              = {EPFL},
  Details                  = {http://infoscience.epfl.ch/record/204125},
  Doi                      = {10.1103/PhysRevB.90.165133},
  Extra-id                 = {000345631700004},
  ISSN                     = {1098-0121},
  Oai-id                   = {oai:infoscience.epfl.ch:204125},
  Oai-set                  = {article},
  Pagecount                = {15},
  Publisher                = {American Physical Society},
  Review                   = {REVIEWED},
  Status                   = {PUBLISHED},
  Submitter                = {109250},
  Unit                     = {CSEA}
}

@Article{EPFL-ARTICLE-189263,
  Title                    = {Correspondence of defect energy levels in hybrid density
 functional theory and many-body perturbation theory},
  Author                   = {Chen, Wei and Pasquarello, Alfredo},
  Journal                  = {Physical {R}eview {B}},
  Year                     = {2013},
  Number                   = {11},
  Pages                    = {115104},
  Volume                   = {88},

  Address                  = {College Pk},
  Affiliation              = {EPFL},
  Details                  = {http://infoscience.epfl.ch/record/189263},
  Doi                      = {10.1103/PhysRevB.88.115104},
  Extra-id                 = {000323891100004},
  ISSN                     = {1098-0121},
  Oai-id                   = {oai:infoscience.epfl.ch:189263},
  Oai-set                  = {article},
  Pagecount                = {8},
  Publisher                = {American Physical Society},
  Review                   = {REVIEWED},
  Status                   = {PUBLISHED},
  Submitter                = {109250},
  Unit                     = {CSEA}
}

@Article{EPFL-ARTICLE-181003,
  Title                    = {Band-edge levels in semiconductors and insulators:
 {H}ybrid density functional theory versus many-body
 perturbation theory},
  Author                   = {Chen, Wei and Pasquarello, Alfredo},
  Journal                  = {Physical {R}eview {B}},
  Year                     = {2012},
  Pages                    = {035134},
  Volume                   = {86},

  Affiliation              = {EPFL},
  Details                  = {http://infoscience.epfl.ch/record/181003},
  Doi                      = {10.1103/PhysRevB.86.035134},
  Extra-id                 = {000306648400002},
  Keywords                 = {Photoluminescence Excitation-Spectra; Optical
 Properties; Gap; Oxide; Alas},
  Oai-id                   = {oai:infoscience.epfl.ch:181003},
  Oai-set                  = {article},
  Review                   = {REVIEWED},
  Status                   = {PUBLISHED},
  Submitter                = {109250; 109250},
  Unit                     = {CSEA}
}

@Article{EPFL-ARTICLE-214800,
  Title                    = {First principles calculations of oxygen vacancy
 passivation by fluorine in hafnium oxide},
  Author                   = {Chen, Wei and Sun, Qing-Qing and Ding, Shi-Jin and
 Zhang, David Wei and Wang, Li-Kang},
  Journal                  = {Applied {P}hysics {L}etters},
  Year                     = {2006},
  Number                   = {15},
  Pages                    = {152904},
  Volume                   = {89},

  Affiliation              = {OTHER},
  Details                  = {http://infoscience.epfl.ch/record/214800},
  Doi                      = {10.1063/1.2358121},
  ISSN                     = {0003-6951},
  Oai-id                   = {oai:infoscience.epfl.ch:214800},
  Oai-set                  = {article},
  Publisher                = {American Institute of Physics},
  Review                   = {REVIEWED},
  Status                   = {PUBLISHED},
  Submitter                = {209412}
}

@Article{EPFL-ARTICLE-214791,
  Title                    = {Atomic Layer Deposition of Hafnium Oxide from
 Tetrakis-(ethylmethylamino)-hafnium and Water
 Precursors},
  Author                   = {Chen, Wei and Sun, Qing-Qing and Xu, Min and Ding, Shi-Jin and
 Zhang, David Wang and Wang, Li-Kang},
  Journal                  = {Journal of {P}hysical {C}hemistry {C}},
  Year                     = {2007},
  Number                   = {17},
  Pages                    = {6495--6499},
  Volume                   = {111},

  Affiliation              = {OTHER},
  Details                  = {http://infoscience.epfl.ch/record/214791},
  Doi                      = {10.1021/jp070362u},
  ISSN                     = {1932-7447},
  Oai-id                   = {oai:infoscience.epfl.ch:214791},
  Oai-set                  = {article},
  Publisher                = {American Chemical Society},
  Review                   = {NON-REVIEWED},
  Status                   = {PUBLISHED},
  Submitter                = {209412}
}

@Article{EPFL-ARTICLE-214786,
  Title                    = {Anomalous molecular orbital variation upon adsorption on
 a wide band gap insulator},
  Author                   = {Chen, Wei and Tegenkamp, Christoph and Pfn\"{u}r, Herbert and Bredow, Thomas},
  Journal                  = {Journal of {C}hemical {P}hysics},
  Year                     = {2010},
  Number                   = {21},
  Pages                    = {214706},
  Volume                   = {132},

  Affiliation              = {OTHER},
  Details                  = {http://infoscience.epfl.ch/record/214786},
  Doi                      = {10.1063/1.3431755},
  ISSN                     = {0021-9606},
  Oai-id                   = {oai:infoscience.epfl.ch:214786},
  Oai-set                  = {article},
  Publisher                = {American Institute of Physics},
  Review                   = {REVIEWED},
  Status                   = {PUBLISHED},
  Submitter                = {209412; 209412}
}

@Article{EPFL-ARTICLE-214787,
  Title                    = {Color centers in {N}a{C}l by hybrid functionals},
  Author                   = {Chen, Wei and Tegenkamp, Christoph and Pfn\"{u}r, Herbert and Bredow, Thomas},
  Journal                  = {Physical {R}eview {B}},
  Year                     = {2010},
  Number                   = {10},
  Pages                    = {104106},
  Volume                   = {82},

  Affiliation              = {OTHER},
  Details                  = {http://infoscience.epfl.ch/record/214787},
  Doi                      = {10.1103/PhysRevB.82.104106},
  ISSN                     = {1550-235X},
  Oai-id                   = {oai:infoscience.epfl.ch:214787},
  Oai-set                  = {article},
  Review                   = {REVIEWED},
  Status                   = {PUBLISHED},
  Submitter                = {209412}
}

@Article{EPFL-ARTICLE-214788,
  Title                    = {Insight from First-Principles Calculations into
 the Interactions between Hydroxybenzoic Acids and
 Alkali Chloride Surfaces},
  Author                   = {Chen, Wei and Tegenkamp, Christoph and Pfn\"{u}r, Herbert and Bredow, Thomas},
  Journal                  = {Journal of {P}hysical {C}hemistry {C}},
  Year                     = {2010},
  Number                   = {1},
  Pages                    = {460--467},
  Volume                   = {114},

  Affiliation              = {OTHER},
  Details                  = {http://infoscience.epfl.ch/record/214788},
  Doi                      = {10.1021/jp909308k},
  ISSN                     = {1932-7455},
  Oai-id                   = {oai:infoscience.epfl.ch:214788},
  Oai-set                  = {article},
  Publisher                = {American Chemical Society},
  Review                   = {REVIEWED},
  Status                   = {PUBLISHED},
  Submitter                = {209412}
}

@Article{EPFL-ARTICLE-214789,
  Title                    = {Tailoring band gaps of insulators by adsorption at
 surface defects: {B}enzoic acids on {N}a{C}l surfaces},
  Author                   = {Chen, Wei and Tegenkamp, Christoph and Pfn\"{u}r, Herbert and Bredow, Thomas},
  Journal                  = {Physical {R}eview {B}},
  Year                     = {2009},
  Number                   = {23},
  Pages                    = {235419},
  Volume                   = {79},

  Affiliation              = {OTHER},
  Details                  = {http://infoscience.epfl.ch/record/214789},
  Doi                      = {10.1103/PhysRevB.79.235419},
  ISSN                     = {1550-235X},
  Oai-id                   = {oai:infoscience.epfl.ch:214789},
  Oai-set                  = {article},
  Review                   = {REVIEWED},
  Status                   = {PUBLISHED},
  Submitter                = {209412}
}

@Article{EPFL-ARTICLE-214790,
  Title                    = {The interplay of van der {W}aals and weak chemical
 forces in the adsorption of salicylic acid on
 {N}a{C}l(001)},
  Author                   = {Chen, Wei and Tegenkamp, Christoph and Pfn\"{u}r, Herbert and Bredow, Thomas},
  Journal                  = {Physical {C}hemistry {C}hemical {P}hysics},
  Year                     = {2009},
  Number                   = {41},
  Pages                    = {9337},
  Volume                   = {11},

  Affiliation              = {OTHER},
  Details                  = {http://infoscience.epfl.ch/record/214790},
  Doi                      = {10.1039/b911944b},
  ISSN                     = {1463-9084},
  Oai-id                   = {oai:infoscience.epfl.ch:214790},
  Oai-set                  = {article},
  Publisher                = {Royal Society of Chemistry},
  Review                   = {REVIEWED},
  Status                   = {PUBLISHED},
  Submitter                = {209412}
}

@Article{EPFL-ARTICLE-214808,
  Title                    = {Density functional theory study of initial stage of
 {Z}r{O}$_2$ atomic layer deposition on {G}e/{S}i(100)-(2{$\times$}1)
 surface},
  Author                   = {Chen, Wei and Zhang, David Wei and Ren, Jie and Lu,
 Hong-Liang and Zhang, Jian-Yun and Xu, Min and Wang,
 Ji-Tao and Wang, Li-Kong},
  Journal                  = {Thin {S}olid {F}ilms},
  Year                     = {2005},
  Number                   = {1-2},
  Pages                    = {73--76},
  Volume                   = {479},

  Affiliation              = {OTHER},
  Details                  = {http://infoscience.epfl.ch/record/214808},
  Doi                      = {10.1016/j.tsf.2004.11.141},
  ISSN                     = {0040-6090},
  Oai-id                   = {oai:infoscience.epfl.ch:214808},
  Oai-set                  = {article},
  Publisher                = {Elsevier},
  Review                   = {REVIEWED},
  Status                   = {PUBLISHED},
  Submitter                = {209412}
}

@Article{EPFL-ARTICLE-214794,
  Title                    = {Growth of high-density {R}u- and {R}u{O}{$_2$}-composite
 nanodots on atomic-layer-deposited {A}l$_2${O}$_3$ film},
  Author                   = {Chen, Wei and Zhang, Min and Zhang, D.W. and Ding,
 Shi-Jin and Tan, J.-J. and Xu, Min and Qu, Xin-Ping and
 Wang, L.-K.},
  Journal                  = {Applied {S}urface {S}cience},
  Year                     = {2007},
  Number                   = {8},
  Pages                    = {4045--4050},
  Volume                   = {253},

  Affiliation              = {OTHER},
  Details                  = {http://infoscience.epfl.ch/record/214794},
  Doi                      = {10.1016/j.apsusc.2006.08.039},
  ISSN                     = {0169-4332},
  Oai-id                   = {oai:infoscience.epfl.ch:214794},
  Oai-set                  = {article},
  Publisher                = {Elsevier},
  Review                   = {REVIEWED},
  Status                   = {PUBLISHED},
  Submitter                = {209412}
}

@Article{EPFL-ARTICLE-214796,
  Title                    = {Memory Effect of Metal-Insulator-Silicon
 Capacitor with {H}f{O}$_2$-{A}l$_2${O}$_3$ Multilayer and
 Hafnium Nitride Gate},
  Author                   = {Ding, Shi-Jin and Zhang, Min and Chen, Wei and Zhang,
 David Wei and Wang, Li-Kang},
  Journal                  = {Journal of {E}lectronic {M}aterials},
  Year                     = {2007},
  Number                   = {3},
  Pages                    = {253--257},
  Volume                   = {36},

  Affiliation              = {OTHER},
  Details                  = {http://infoscience.epfl.ch/record/214796},
  Doi                      = {10.1007/s11664-006-0003-6},
  ISSN                     = {1543-186X},
  Oai-id                   = {oai:infoscience.epfl.ch:214796},
  Oai-set                  = {article},
  Publisher                = {Springer Verlag},
  Review                   = {REVIEWED},
  Status                   = {PUBLISHED},
  Submitter                = {209412}
}

@Article{EPFL-ARTICLE-214801,
  Title                    = {High density and program-erasable
 metal-insulator-silicon capacitor with a dielectric
 structure of
 {S}i{O}$_2$-{H}f{O}$_2$-{A}l$_2${O}$_3$ nanolaminate-{A}l$_2${O}$_3$},
  Author                   = {Ding, Shi-Jin and Zhang, Min and Chen, Wei and Zhang,
 David Wei and Wang, Li-Kang and Wang, X. P. and Zhu,
 Chunxiang and Li, Ming-Fu},
  Journal                  = {Applied {P}hysics {L}etters},
  Year                     = {2006},
  Number                   = {4},
  Pages                    = {042905},
  Volume                   = {88},

  Affiliation              = {OTHER},
  Details                  = {http://infoscience.epfl.ch/record/214801},
  Doi                      = {10.1063/1.2168227},
  ISSN                     = {0003-6951},
  Oai-id                   = {oai:infoscience.epfl.ch:214801},
  Oai-set                  = {article},
  Publisher                = {American Institute of Physics},
  Review                   = {REVIEWED},
  Status                   = {PUBLISHED},
  Submitter                = {209412}
}

@Article{EPFL-ARTICLE-214803,
  Title                    = {Quantum Chemical Study of Adsorption and
 Dissociation of {H}$_2${S} on the gallium-rich {G}a{A}s
 (001)-4{$\times$}2 surface},
  Author                   = {Lu, Hong-Liang and Chen, Wei and Ding, Shi-Jin and Xu,
 Min and Zhang, David Wei and Wang, Li-Kang},
  Journal                  = {Journal of {P}hysical {C}hemistry {B}},
  Year                     = {2006},
  Number                   = {19},
  Pages                    = {9529--9533},
  Volume                   = {110},

  Affiliation              = {OTHER},
  Details                  = {http://infoscience.epfl.ch/record/214803},
  Doi                      = {10.1021/jp057267a},
  ISSN                     = {1520-5207},
  Oai-id                   = {oai:infoscience.epfl.ch:214803},
  Oai-set                  = {article},
  Publisher                = {American Chemical Society},
  Review                   = {REVIEWED},
  Status                   = {PUBLISHED},
  Submitter                = {209412; 209412}
}

@Article{EPFL-ARTICLE-214804,
  Title                    = {Quantum chemical study of the initial surface reactions
 in atomic layer deposition of {T}i{N} on the {S}i{O}$_2$
 surface},
  Author                   = {Lu, Hong-Liang and Chen, Wei and Ding, Shi-Jin and Xu,
 Min and Zhang, David Wei and Wang, Li-Kang},
  Journal                  = {Journal of {P}hysics: {C}ondensed {M}atter},
  Year                     = {2006},
  Number                   = {26},
  Pages                    = {5937--5944},
  Volume                   = {18},

  Affiliation              = {OTHER},
  Details                  = {http://infoscience.epfl.ch/record/214804},
  Doi                      = {10.1088/0953-8984/18/26/013},
  ISSN                     = {1361-648X},
  Oai-id                   = {oai:infoscience.epfl.ch:214804},
  Oai-set                  = {article},
  Publisher                = {Institute of Physics},
  Review                   = {REVIEWED},
  Status                   = {PUBLISHED},
  Submitter                = {209412}
}

@Article{EPFL-ARTICLE-214809,
  Title                    = {Initial surface reactions in atomic layer deposition of
 {A}l$_2${O}$_3$ on the hydroxylated {G}a{A}s(001)-4{$\times$}2 surface},
  Author                   = {Lu, Hong-Liang and Chen, Wei and Ding, Shi-Jin and Xu,
 Min and Zhang, David Wei and Wang, Li-Kang},
  Journal                  = {Journal of {P}hysics: {C}ondensed {M}atter},
  Year                     = {2005},
  Number                   = {48},
  Pages                    = {7517--7522},
  Volume                   = {17},

  Affiliation              = {OTHER},
  Details                  = {http://infoscience.epfl.ch/record/214809},
  Doi                      = {10.1088/0953-8984/17/48/005},
  ISSN                     = {1361-648X},
  Oai-id                   = {oai:infoscience.epfl.ch:214809},
  Oai-set                  = {article},
  Publisher                = {Institute of Physics},
  Review                   = {REVIEWED},
  Status                   = {PUBLISHED},
  Submitter                = {209412}
}

@Article{EPFL-ARTICLE-214816,
  Title                    = {{DFT} calculations of {NH}$_3$ adsorption and dissociation
 on gallium-rich {G}a{A}s(001)-4{$\times$}2 surface},
  Author                   = {Lu, Hong-Liang and Chen, Wei and Ding, Shi-Jin and
 Zhang, David Wei and Wang, Li-Kang},
  Journal                  = {Chemical {P}hysics {L}etters},
  Year                     = {2007},
  Number                   = {4-6},
  Pages                    = {188--192},
  Volume                   = {445},

  Affiliation              = {OTHER},
  Details                  = {http://infoscience.epfl.ch/record/214816},
  Doi                      = {10.1016/j.cplett.2007.08.008},
  ISSN                     = {0009-2614},
  Oai-id                   = {oai:infoscience.epfl.ch:214816},
  Oai-set                  = {article},
  Publisher                = {Elsevier},
  Review                   = {REVIEWED},
  Status                   = {PUBLISHED},
  Submitter                = {209412}
}

@Article{EPFL-ARTICLE-214798,
  Title                    = {X-ray reflectometry and spectroscopic ellipsometry
 characterization of {A}l$_2${O}$_3$ atomic layer deposition on
 {HF}-last and {NH}$_3$ plasma pretreatment {S}i substrates},
  Author                   = {Lu, Hong-Liang and Xu, Min and Ding, Shi-Jin and Chen,
 Wei and Zhang, David Wei and Wang, Li-Kang},
  Journal                  = {Journal of {M}aterials {R}esearch},
  Year                     = {2007},
  Number                   = {05},
  Pages                    = {1214--1218},
  Volume                   = {22},

  Affiliation              = {OTHER},
  Details                  = {http://infoscience.epfl.ch/record/214798},
  Doi                      = {10.1557/jmr.2007.0184},
  ISSN                     = {2044-5326},
  Oai-id                   = {oai:infoscience.epfl.ch:214798},
  Oai-set                  = {article},
  Review                   = {REVIEWED},
  Status                   = {PUBLISHED},
  Submitter                = {209412}
}

@Article{EPFL-ARTICLE-214805,
  Title                    = {Quantum chemical study of the initial surface reactions
 of {H}f{O}$_2$ atomic layer deposition on the hydroxylated
 {G}a{A}s(001)-4{$\times$}2 surface},
  Author                   = {Lu, Hong-Liang and Xu, Min and Ding, Shi-Jin and Chen,
 Wei and Zhang, David Wei and Wang, Li-Kang},
  Journal                  = {Applied {P}hysics {L}etters},
  Year                     = {2006},
  Number                   = {16},
  Pages                    = {162905},
  Volume                   = {89},

  Affiliation              = {OTHER},
  Details                  = {http://infoscience.epfl.ch/record/214805},
  Doi                      = {10.1063/1.2370425},
  ISSN                     = {0003-6951},
  Oai-id                   = {oai:infoscience.epfl.ch:214805},
  Oai-set                  = {article},
  Publisher                = {American Institute of Physics},
  Review                   = {REVIEWED},
  Status                   = {PUBLISHED},
  Submitter                = {209412}
}

@Article{EPFL-ARTICLE-214799,
  Title                    = {Density functional theory study on surface reaction
 mechanism of atomic layer deposition of {Z}r{O}$_2$ on
 {S}i(100)-2{$\times$}1},
  Author                   = {Ren, J and Chen, W and Lu, HL and Xu, M and Zhang, W},
  Journal                  = {Acta {C}himica {S}inica -{C}hinese {E}dition-},
  Year                     = {2006},
  Number                   = {11},
  Pages                    = {1133--1139},
  Volume                   = {64},

  Affiliation              = {OTHER},
  Details                  = {http://infoscience.epfl.ch/record/214799},
  ISSN                     = {0567-7351},
  Oai-id                   = {oai:infoscience.epfl.ch:214799},
  Oai-set                  = {article},
  Review                   = {REVIEWED},
  Status                   = {PUBLISHED},
  Submitter                = {209412}
}

@Article{EPFL-ARTICLE-214806,
  Title                    = {Surface reaction mechanism of atomic layer deposition of
 {H}f{O}$_2$ on {G}e(100)-2{$\times$}1: {A} density functional theory
 study},
  Author                   = {Ren, Jie and Lu, Hong-Liang and Chen, Wei and Xu, Min
 and Zhang, David Wei},
  Journal                  = {Applied {S}urface {S}cience},
  Year                     = {2006},
  Number                   = {24},
  Pages                    = {8466--8470},
  Volume                   = {252},

  Affiliation              = {OTHER},
  Details                  = {http://infoscience.epfl.ch/record/214806},
  Doi                      = {10.1016/j.apsusc.2005.11.057},
  ISSN                     = {0169-4332},
  Oai-id                   = {oai:infoscience.epfl.ch:214806},
  Oai-set                  = {article},
  Publisher                = {Elsevier},
  Review                   = {REVIEWED},
  Status                   = {PUBLISHED},
  Submitter                = {209412}
}

@Article{EPFL-ARTICLE-199601,
  Title                    = {Band offsets of lattice-matched semiconductor
 heterojunctions through hybrid functionals and
 {G}$_0${W}$_0$},
  Author                   = {Steiner, Karim and Chen, Wei and Pasquarello, Alfredo},
  Journal                  = {Physical {R}eview {B}},
  Year                     = {2014},
  Number                   = {20},
  Pages                    = {205309},
  Volume                   = {89},

  Address                  = {College Pk},
  Affiliation              = {EPFL},
  Details                  = {http://infoscience.epfl.ch/record/199601},
  Doi                      = {10.1103/PhysRevB.89.205309},
  Extra-id                 = {000335886500008},
  ISSN                     = {1098-0121},
  Oai-id                   = {oai:infoscience.epfl.ch:199601},
  Oai-set                  = {article},
  Pagecount                = {9},
  Publisher                = {American Physical Society},
  Review                   = {REVIEWED},
  Status                   = {PUBLISHED},
  Submitter                = {109250},
  Unit                     = {CSEA}
}

@Article{EPFL-ARTICLE-214792,
  Title                    = {Comparative study of passivation mechanism of oxygen
 vacancy with fluorine in {H}f{O}$_2$ and {H}f{S}i{O}$_4$},
  Author                   = {Sun, Qing-Qing and Chen, Wei and Ding, Shi-Jin and Xu,
 Min and Lu, Hong-Liang and Lindh-Rengifo, Hans-Cristian
 and Zhang, David Wei and Wang, Li-Kang},
  Journal                  = {Applied {P}hysics {L}etters},
  Year                     = {2007},
  Number                   = {14},
  Pages                    = {142904},
  Volume                   = {90},

  Affiliation              = {OTHER},
  Details                  = {http://infoscience.epfl.ch/record/214792},
  Doi                      = {10.1063/1.2719177},
  ISSN                     = {0003-6951},
  Oai-id                   = {oai:infoscience.epfl.ch:214792},
  Oai-set                  = {article},
  Publisher                = {American Institute of Physics},
  Review                   = {REVIEWED},
  Status                   = {PUBLISHED},
  Submitter                = {209412; 209412}
}

@Article{EPFL-ARTICLE-214793,
  Title                    = {Effects of chlorine residue in atomic layer deposition
 hafnium oxide: {A} density-functional-theory study},
  Author                   = {Sun, Qing-Qing and Chen, Wei and Ding, Shi-Jin and Xu,
 Min and Zhang, David Wei and Wang, Li-Kang},
  Journal                  = {Applied {P}hysics {L}etters},
  Year                     = {2007},
  Number                   = {2},
  Pages                    = {022901},
  Volume                   = {91},

  Affiliation              = {OTHER},
  Details                  = {http://infoscience.epfl.ch/record/214793},
  Doi                      = {10.1063/1.2756108},
  ISSN                     = {0003-6951},
  Oai-id                   = {oai:infoscience.epfl.ch:214793},
  Oai-set                  = {article},
  Publisher                = {American Institute of Physics},
  Review                   = {REVIEWED},
  Status                   = {PUBLISHED},
  Submitter                = {209412}
}

@Article{EPFL-ARTICLE-214802,
  Title                    = {Mechanism of interfacial layer suppression after
 performing surface {A}l({CH}$_3$)$_3$ pretreatment during
 atomic layer deposition of {A}l$_2${O}$_3$},
  Author                   = {Xu, Min and Zhang, Chi and Ding, Shi-Jin and Lu,
 Hong-Liang and Chen, Wei and Sun, Qing-Qing and Zhang,
 David Wei and Wang, Li-Kang},
  Journal                  = {Journal of {A}pplied {P}hysics},
  Year                     = {2006},
  Number                   = {10},
  Pages                    = {106101},
  Volume                   = {100},

  Affiliation              = {OTHER},
  Details                  = {http://infoscience.epfl.ch/record/214802},
  Doi                      = {10.1063/1.2388044},
  ISSN                     = {0021-8979},
  Oai-id                   = {oai:infoscience.epfl.ch:214802},
  Oai-set                  = {article},
  Publisher                = {American Institute of Physics},
  Review                   = {REVIEWED},
  Status                   = {PUBLISHED},
  Submitter                = {209412}
}

@Article{EPFL-ARTICLE-214795,
  Title                    = {Investigation of atomic-layer-deposited ruthenium
 nanocrystal growth on {S}i{O}$_2$ and {A}l$_2${O}$_3$ films},
  Author                   = {Zhang, Min and Chen, Wei and Ding, Shi-Jin and Wang,
 Xin-Peng and Zhang, David Wei and Wang, Li-Kang},
  Journal                  = {Journal of {V}acuum {S}cience \& {T}echnology {A}},
  Year                     = {2007},
  Number                   = {4},
  Pages                    = {775},
  Volume                   = {25},

  Affiliation              = {OTHER},
  Details                  = {http://infoscience.epfl.ch/record/214795},
  Doi                      = {10.1116/1.2746874},
  ISSN                     = {0734-2101},
  Oai-id                   = {oai:infoscience.epfl.ch:214795},
  Oai-set                  = {article},
  Publisher                = {American Vacuum Society},
  Review                   = {REVIEWED},
  Status                   = {PUBLISHED},
  Submitter                = {209412}
}

@comment{jabref-meta: databaseType:biblatex;}

